@inproceedings{Canis:2013,
 author = {Canis, Andrew and Anderson, Jason H. and Brown, Stephen D.},
 title = {Multi-pumping for Resource Reduction in FPGA High-level Synthesis},
 booktitle = {Proceedings of the Conference on Design, Automation and Test in Europe},
 series = {DATE '13},
 year = {2013},
 isbn = {978-1-4503-2153-2},
 location = {Grenoble, France},
 pages = {194--197},
 numpages = {4},
 url = {http://dl.acm.org/citation.cfm?id=2485288.2485338},
 acmid = {2485338},
 publisher = {EDA Consortium},
 address = {San Jose, CA, USA},
} 
